
@inproceedings{testbib,
  author = {Andrea Censi},
  title = {Lorem ipsum},
  booktitle = {Spatial Cognition},
  address = {Kloster Seeon, Bavaria, Germany},
  year = {2012},
  desc = {
    How do you think this might work?
  }
}