
@misc{censi11bgds,
  author = {Andrea Censi and Richard M. Murray},
  title = {Bootstrapping bilinear gradient dynamical models},
  howpublished = {Technical Report},
  year = {2011},
  pdf = {http://},
  kind = {preprint}
}

@misc{censi11xxx,
  author = {Andrea Censi},
  title = {XXX},
  howpublished = {Technical Report},
  year = {2011},
  pdf = {http://},
  kind = {preprint}
}

@misc{censi11accuracy,
  author = {Andrea Censi},
  title = {The achievable accuracy for range-finder localization},
  howpublished = {Technical Report},
  notes = {Journal version (submitted)},
  year = {2011},
  pdf = {http://},
  kind = {preprint}
}
